@MISC{projet,
        HOWPUBLISHED={https://www.labri.fr/perso/renault/working/teaching/projets/2020-21-S6-C-Quoridor.php},
        AUTHOR={David \textsc{Renault}},
        TITLE={Quoridor Project}}

@MISC{documentation_gsl,
        HOWPUBLISHED={https://www.gnu.org/software/gsl/doc/html/vectors.html},
        AUTHOR={{GNU Scientific Library}},
        TITLE={Vectors and Matrices}}
        
@MISC{quoridor_strat,
        HOWPUBLISHED={https://quoridorstrats.wordpress.com/category/strategy/},
        TITLE={Quoridor Strats}}

@MISC{minimax,
        HOWPUBLISHED={https://en.wikipedia.org/wiki/Minimax},
        AUTHOR={Wikipedia},
        TITLE={Minimax}}
        
@MISC{alphaBeta,
        HOWPUBLISHED={https://en.wikipedia.org/wiki/Alphaâ€“beta\_pruning},
        AUTHOR={Wikipedia},
        TITLE={Alpha-Beta Pruning}}